@article{Slivkins,
    title = {Introduction to multi-armed bandits (lecture notes)},
   author = {Slivkins, Aleksandrs},
     year = {2017},
}

@article{Kanade,
    title = {Machine Learning lecture course ({AIMS CDT, Oxford})},
   author = {Kanade, Varun},
     year = {2017},
      url = {http://www.cs.ox.ac.uk/people/varun.kanade/teaching/ML-AIMS-MT2017/lectures/},
}

